%YAML 1.1
%TAG !u! tag:unity3d.com,2011:
--- !u!29 &1
OcclusionCullingSettings:
  m_ObjectHideFlags: 0
  serializedVersion: 2
  m_OcclusionBakeSettings:
    smallestOccluder: 5
    smallestHole: 0.25
    backfaceThreshold: 100
  m_SceneGUID: 00000000000000000000000000000000
  m_OcclusionCullingData: {fileID: 0}
--- !u!104 &2
RenderSettings:
  m_ObjectHideFlags: 0
  serializedVersion: 9
  m_Fog: 0
  m_FogColor: {r: 0.5, g: 0.5, b: 0.5, a: 1}
  m_FogMode: 3
  m_FogDensity: 0.01
  m_LinearFogStart: 0
  m_LinearFogEnd: 300
  m_AmbientSkyColor: {r: 0.212, g: 0.227, b: 0.259, a: 1}
  m_AmbientEquatorColor: {r: 0.114, g: 0.125, b: 0.133, a: 1}
  m_AmbientGroundColor: {r: 0.047, g: 0.043, b: 0.035, a: 1}
  m_AmbientIntensity: 1
  m_AmbientMode: 0
  m_SubtractiveShadowColor: {r: 0.42, g: 0.478, b: 0.627, a: 1}
  m_SkyboxMaterial: {fileID: 10304, guid: 0000000000000000f000000000000000, type: 0}
  m_HaloStrength: 0.5
  m_FlareStrength: 1
  m_FlareFadeSpeed: 3
  m_HaloTexture: {fileID: 0}
  m_SpotCookie: {fileID: 10001, guid: 0000000000000000e000000000000000, type: 0}
  m_DefaultReflectionMode: 0
  m_DefaultReflectionResolution: 128
  m_ReflectionBounces: 1
  m_ReflectionIntensity: 1
  m_CustomReflection: {fileID: 0}
  m_Sun: {fileID: 705507994}
  m_IndirectSpecularColor: {r: 0.44657898, g: 0.4964133, b: 0.5748178, a: 1}
  m_UseRadianceAmbientProbe: 0
--- !u!157 &3
LightmapSettings:
  m_ObjectHideFlags: 0
  serializedVersion: 12
  m_GIWorkflowMode: 1
  m_GISettings:
    serializedVersion: 2
    m_BounceScale: 1
    m_IndirectOutputScale: 1
    m_AlbedoBoost: 1
    m_EnvironmentLightingMode: 0
    m_EnableBakedLightmaps: 1
    m_EnableRealtimeLightmaps: 0
  m_LightmapEditorSettings:
    serializedVersion: 12
    m_Resolution: 2
    m_BakeResolution: 40
    m_AtlasSize: 1024
    m_AO: 0
    m_AOMaxDistance: 1
    m_CompAOExponent: 1
    m_CompAOExponentDirect: 0
    m_ExtractAmbientOcclusion: 0
    m_Padding: 2
    m_LightmapParameters: {fileID: 0}
    m_LightmapsBakeMode: 1
    m_TextureCompression: 1
    m_FinalGather: 0
    m_FinalGatherFiltering: 1
    m_FinalGatherRayCount: 256
    m_ReflectionCompression: 2
    m_MixedBakeMode: 2
    m_BakeBackend: 1
    m_PVRSampling: 1
    m_PVRDirectSampleCount: 32
    m_PVRSampleCount: 500
    m_PVRBounces: 2
    m_PVREnvironmentSampleCount: 500
    m_PVREnvironmentReferencePointCount: 2048
    m_PVRFilteringMode: 2
    m_PVRDenoiserTypeDirect: 0
    m_PVRDenoiserTypeIndirect: 0
    m_PVRDenoiserTypeAO: 0
    m_PVRFilterTypeDirect: 0
    m_PVRFilterTypeIndirect: 0
    m_PVRFilterTypeAO: 0
    m_PVREnvironmentMIS: 0
    m_PVRCulling: 1
    m_PVRFilteringGaussRadiusDirect: 1
    m_PVRFilteringGaussRadiusIndirect: 5
    m_PVRFilteringGaussRadiusAO: 2
    m_PVRFilteringAtrousPositionSigmaDirect: 0.5
    m_PVRFilteringAtrousPositionSigmaIndirect: 2
    m_PVRFilteringAtrousPositionSigmaAO: 1
    m_ExportTrainingData: 0
    m_TrainingDataDestination: TrainingData
    m_LightProbeSampleCountMultiplier: 4
  m_LightingDataAsset: {fileID: 0}
  m_LightingSettings: {fileID: 0}
--- !u!196 &4
NavMeshSettings:
  serializedVersion: 2
  m_ObjectHideFlags: 0
  m_BuildSettings:
    serializedVersion: 2
    agentTypeID: 0
    agentRadius: 0.5
    agentHeight: 2
    agentSlope: 45
    agentClimb: 0.4
    ledgeDropHeight: 0
    maxJumpAcrossDistance: 0
    minRegionArea: 2
    manualCellSize: 0
    cellSize: 0.16666667
    manualTileSize: 0
    tileSize: 256
    accuratePlacement: 0
    maxJobWorkers: 0
    preserveTilesOutsideBounds: 0
    debug:
      m_Flags: 0
  m_NavMeshData: {fileID: 0}
--- !u!1 &4653911
GameObject:
  m_ObjectHideFlags: 0
  m_CorrespondingSourceObject: {fileID: 0}
  m_PrefabInstance: {fileID: 0}
  m_PrefabAsset: {fileID: 0}
  serializedVersion: 6
  m_Component:
  - component: {fileID: 4653914}
  - component: {fileID: 4653913}
  - component: {fileID: 4653912}
  m_Layer: 0
  m_Name: EventSystem
  m_TagString: Untagged
  m_Icon: {fileID: 0}
  m_NavMeshLayer: 0
  m_StaticEditorFlags: 0
  m_IsActive: 1
--- !u!114 &4653912
MonoBehaviour:
  m_ObjectHideFlags: 0
  m_CorrespondingSourceObject: {fileID: 0}
  m_PrefabInstance: {fileID: 0}
  m_PrefabAsset: {fileID: 0}
  m_GameObject: {fileID: 4653911}
  m_Enabled: 1
  m_EditorHideFlags: 0
  m_Script: {fileID: 11500000, guid: 4f231c4fb786f3946a6b90b886c48677, type: 3}
  m_Name: 
  m_EditorClassIdentifier: 
  m_HorizontalAxis: Horizontal
  m_VerticalAxis: Vertical
  m_SubmitButton: Submit
  m_CancelButton: Cancel
  m_InputActionsPerSecond: 10
  m_RepeatDelay: 0.5
  m_ForceModuleActive: 0
--- !u!114 &4653913
MonoBehaviour:
  m_ObjectHideFlags: 0
  m_CorrespondingSourceObject: {fileID: 0}
  m_PrefabInstance: {fileID: 0}
  m_PrefabAsset: {fileID: 0}
  m_GameObject: {fileID: 4653911}
  m_Enabled: 1
  m_EditorHideFlags: 0
  m_Script: {fileID: 11500000, guid: 76c392e42b5098c458856cdf6ecaaaa1, type: 3}
  m_Name: 
  m_EditorClassIdentifier: 
  m_FirstSelected: {fileID: 0}
  m_sendNavigationEvents: 1
  m_DragThreshold: 10
--- !u!4 &4653914
Transform:
  m_ObjectHideFlags: 0
  m_CorrespondingSourceObject: {fileID: 0}
  m_PrefabInstance: {fileID: 0}
  m_PrefabAsset: {fileID: 0}
  m_GameObject: {fileID: 4653911}
  m_LocalRotation: {x: 0, y: 0, z: 0, w: 1}
  m_LocalPosition: {x: 0, y: 0, z: 0}
  m_LocalScale: {x: 1, y: 1, z: 1}
  m_Children: []
  m_Father: {fileID: 0}
  m_RootOrder: 10
  m_LocalEulerAnglesHint: {x: 0, y: 0, z: 0}
--- !u!1 &23107054
GameObject:
  m_ObjectHideFlags: 0
  m_CorrespondingSourceObject: {fileID: 0}
  m_PrefabInstance: {fileID: 0}
  m_PrefabAsset: {fileID: 0}
  serializedVersion: 6
  m_Component:
  - component: {fileID: 23107055}
  - component: {fileID: 23107057}
  - component: {fileID: 23107056}
  m_Layer: 5
  m_Name: Image
  m_TagString: Untagged
  m_Icon: {fileID: 0}
  m_NavMeshLayer: 0
  m_StaticEditorFlags: 0
  m_IsActive: 1
--- !u!224 &23107055
RectTransform:
  m_ObjectHideFlags: 0
  m_CorrespondingSourceObject: {fileID: 0}
  m_PrefabInstance: {fileID: 0}
  m_PrefabAsset: {fileID: 0}
  m_GameObject: {fileID: 23107054}
  m_LocalRotation: {x: 0, y: 0, z: 0, w: 1}
  m_LocalPosition: {x: 0, y: 0, z: 0}
  m_LocalScale: {x: 1, y: 1, z: 1}
  m_Children: []
  m_Father: {fileID: 301786946}
  m_RootOrder: 1
  m_LocalEulerAnglesHint: {x: 0, y: 0, z: 0}
  m_AnchorMin: {x: 1, y: 1}
  m_AnchorMax: {x: 1, y: 1}
  m_AnchoredPosition: {x: -50, y: -10}
  m_SizeDelta: {x: 100, y: 100}
  m_Pivot: {x: 0.5, y: 0.5}
--- !u!114 &23107056
MonoBehaviour:
  m_ObjectHideFlags: 0
  m_CorrespondingSourceObject: {fileID: 0}
  m_PrefabInstance: {fileID: 0}
  m_PrefabAsset: {fileID: 0}
  m_GameObject: {fileID: 23107054}
  m_Enabled: 1
  m_EditorHideFlags: 0
  m_Script: {fileID: 11500000, guid: fe87c0e1cc204ed48ad3b37840f39efc, type: 3}
  m_Name: 
  m_EditorClassIdentifier: 
  m_Material: {fileID: 0}
  m_Color: {r: 0.113554955, g: 0.6226415, b: 0.044054817, a: 1}
  m_RaycastTarget: 1
  m_RaycastPadding: {x: 0, y: 0, z: 0, w: 0}
  m_Maskable: 1
  m_OnCullStateChanged:
    m_PersistentCalls:
      m_Calls: []
  m_Sprite: {fileID: 0}
  m_Type: 0
  m_PreserveAspect: 0
  m_FillCenter: 1
  m_FillMethod: 4
  m_FillAmount: 1
  m_FillClockwise: 1
  m_FillOrigin: 0
  m_UseSpriteMesh: 0
  m_PixelsPerUnitMultiplier: 1
--- !u!222 &23107057
CanvasRenderer:
  m_ObjectHideFlags: 0
  m_CorrespondingSourceObject: {fileID: 0}
  m_PrefabInstance: {fileID: 0}
  m_PrefabAsset: {fileID: 0}
  m_GameObject: {fileID: 23107054}
  m_CullTransparentMesh: 1
--- !u!4 &53786107 stripped
Transform:
  m_CorrespondingSourceObject: {fileID: 1079579496783261855, guid: 4e1d466e5b65c5d408aaabad1839c1f9, type: 3}
  m_PrefabInstance: {fileID: 2058514902}
  m_PrefabAsset: {fileID: 0}
--- !u!1001 &164339171
PrefabInstance:
  m_ObjectHideFlags: 0
  serializedVersion: 2
  m_Modification:
    m_TransformParent: {fileID: 608912466}
    m_Modifications:
    - target: {fileID: 1079579496783261855, guid: 4e1d466e5b65c5d408aaabad1839c1f9, type: 3}
      propertyPath: m_RootOrder
      value: 4
      objectReference: {fileID: 0}
    - target: {fileID: 1079579496783261855, guid: 4e1d466e5b65c5d408aaabad1839c1f9, type: 3}
      propertyPath: m_LocalPosition.x
      value: -9.339212
      objectReference: {fileID: 0}
    - target: {fileID: 1079579496783261855, guid: 4e1d466e5b65c5d408aaabad1839c1f9, type: 3}
      propertyPath: m_LocalPosition.y
      value: 1.5
      objectReference: {fileID: 0}
    - target: {fileID: 1079579496783261855, guid: 4e1d466e5b65c5d408aaabad1839c1f9, type: 3}
      propertyPath: m_LocalPosition.z
      value: 26.718624
      objectReference: {fileID: 0}
    - target: {fileID: 1079579496783261855, guid: 4e1d466e5b65c5d408aaabad1839c1f9, type: 3}
      propertyPath: m_LocalRotation.w
      value: 1
      objectReference: {fileID: 0}
    - target: {fileID: 1079579496783261855, guid: 4e1d466e5b65c5d408aaabad1839c1f9, type: 3}
      propertyPath: m_LocalRotation.x
      value: -0
      objectReference: {fileID: 0}
    - target: {fileID: 1079579496783261855, guid: 4e1d466e5b65c5d408aaabad1839c1f9, type: 3}
      propertyPath: m_LocalRotation.y
      value: -0
      objectReference: {fileID: 0}
    - target: {fileID: 1079579496783261855, guid: 4e1d466e5b65c5d408aaabad1839c1f9, type: 3}
      propertyPath: m_LocalRotation.z
      value: -0
      objectReference: {fileID: 0}
    - target: {fileID: 1079579496783261855, guid: 4e1d466e5b65c5d408aaabad1839c1f9, type: 3}
      propertyPath: m_LocalEulerAnglesHint.x
      value: 0
      objectReference: {fileID: 0}
    - target: {fileID: 1079579496783261855, guid: 4e1d466e5b65c5d408aaabad1839c1f9, type: 3}
      propertyPath: m_LocalEulerAnglesHint.y
      value: 0
      objectReference: {fileID: 0}
    - target: {fileID: 1079579496783261855, guid: 4e1d466e5b65c5d408aaabad1839c1f9, type: 3}
      propertyPath: m_LocalEulerAnglesHint.z
      value: 0
      objectReference: {fileID: 0}
    - target: {fileID: 5141282715911520946, guid: 4e1d466e5b65c5d408aaabad1839c1f9, type: 3}
      propertyPath: m_Name
      value: Simulation_Wall_Medium (1)
      objectReference: {fileID: 0}
    m_RemovedComponents: []
  m_SourcePrefab: {fileID: 100100000, guid: 4e1d466e5b65c5d408aaabad1839c1f9, type: 3}
--- !u!1001 &178825173
PrefabInstance:
  m_ObjectHideFlags: 0
  serializedVersion: 2
  m_Modification:
    m_TransformParent: {fileID: 0}
    m_Modifications:
    - target: {fileID: 2028362573445996702, guid: 4fedbacc43f43e64680d9ea3d0fdc52a, type: 3}
      propertyPath: m_Name
      value: Circular_Platform
      objectReference: {fileID: 0}
    - target: {fileID: 2263400349159638862, guid: 4fedbacc43f43e64680d9ea3d0fdc52a, type: 3}
      propertyPath: m_RootOrder
      value: 6
      objectReference: {fileID: 0}
    - target: {fileID: 2263400349159638862, guid: 4fedbacc43f43e64680d9ea3d0fdc52a, type: 3}
      propertyPath: m_LocalPosition.x
      value: 0.65713215
      objectReference: {fileID: 0}
    - target: {fileID: 2263400349159638862, guid: 4fedbacc43f43e64680d9ea3d0fdc52a, type: 3}
      propertyPath: m_LocalPosition.y
      value: 1.67
      objectReference: {fileID: 0}
    - target: {fileID: 2263400349159638862, guid: 4fedbacc43f43e64680d9ea3d0fdc52a, type: 3}
      propertyPath: m_LocalPosition.z
      value: 14.937
      objectReference: {fileID: 0}
    - target: {fileID: 2263400349159638862, guid: 4fedbacc43f43e64680d9ea3d0fdc52a, type: 3}
      propertyPath: m_LocalRotation.w
      value: 1
      objectReference: {fileID: 0}
    - target: {fileID: 2263400349159638862, guid: 4fedbacc43f43e64680d9ea3d0fdc52a, type: 3}
      propertyPath: m_LocalRotation.x
      value: 0
      objectReference: {fileID: 0}
    - target: {fileID: 2263400349159638862, guid: 4fedbacc43f43e64680d9ea3d0fdc52a, type: 3}
      propertyPath: m_LocalRotation.y
      value: 0
      objectReference: {fileID: 0}
    - target: {fileID: 2263400349159638862, guid: 4fedbacc43f43e64680d9ea3d0fdc52a, type: 3}
      propertyPath: m_LocalRotation.z
      value: 0
      objectReference: {fileID: 0}
    - target: {fileID: 2263400349159638862, guid: 4fedbacc43f43e64680d9ea3d0fdc52a, type: 3}
      propertyPath: m_LocalEulerAnglesHint.x
      value: 0
      objectReference: {fileID: 0}
    - target: {fileID: 2263400349159638862, guid: 4fedbacc43f43e64680d9ea3d0fdc52a, type: 3}
      propertyPath: m_LocalEulerAnglesHint.y
      value: 0
      objectReference: {fileID: 0}
    - target: {fileID: 2263400349159638862, guid: 4fedbacc43f43e64680d9ea3d0fdc52a, type: 3}
      propertyPath: m_LocalEulerAnglesHint.z
      value: 0
      objectReference: {fileID: 0}
    m_RemovedComponents: []
  m_SourcePrefab: {fileID: 100100000, guid: 4fedbacc43f43e64680d9ea3d0fdc52a, type: 3}
--- !u!1 &301786942
GameObject:
  m_ObjectHideFlags: 0
  m_CorrespondingSourceObject: {fileID: 0}
  m_PrefabInstance: {fileID: 0}
  m_PrefabAsset: {fileID: 0}
  serializedVersion: 6
  m_Component:
  - component: {fileID: 301786946}
  - component: {fileID: 301786945}
  - component: {fileID: 301786944}
  - component: {fileID: 301786943}
  m_Layer: 5
  m_Name: Canvas
  m_TagString: Untagged
  m_Icon: {fileID: 0}
  m_NavMeshLayer: 0
  m_StaticEditorFlags: 0
  m_IsActive: 0
--- !u!114 &301786943
MonoBehaviour:
  m_ObjectHideFlags: 0
  m_CorrespondingSourceObject: {fileID: 0}
  m_PrefabInstance: {fileID: 0}
  m_PrefabAsset: {fileID: 0}
  m_GameObject: {fileID: 301786942}
  m_Enabled: 1
  m_EditorHideFlags: 0
  m_Script: {fileID: 11500000, guid: dc42784cf147c0c48a680349fa168899, type: 3}
  m_Name: 
  m_EditorClassIdentifier: 
  m_IgnoreReversedGraphics: 1
  m_BlockingObjects: 0
  m_BlockingMask:
    serializedVersion: 2
    m_Bits: 4294967295
--- !u!114 &301786944
MonoBehaviour:
  m_ObjectHideFlags: 0
  m_CorrespondingSourceObject: {fileID: 0}
  m_PrefabInstance: {fileID: 0}
  m_PrefabAsset: {fileID: 0}
  m_GameObject: {fileID: 301786942}
  m_Enabled: 1
  m_EditorHideFlags: 0
  m_Script: {fileID: 11500000, guid: 0cd44c1031e13a943bb63640046fad76, type: 3}
  m_Name: 
  m_EditorClassIdentifier: 
  m_UiScaleMode: 0
  m_ReferencePixelsPerUnit: 100
  m_ScaleFactor: 1
  m_ReferenceResolution: {x: 800, y: 600}
  m_ScreenMatchMode: 0
  m_MatchWidthOrHeight: 0
  m_PhysicalUnit: 3
  m_FallbackScreenDPI: 96
  m_DefaultSpriteDPI: 96
  m_DynamicPixelsPerUnit: 1
  m_PresetInfoIsWorld: 0
--- !u!223 &301786945
Canvas:
  m_ObjectHideFlags: 0
  m_CorrespondingSourceObject: {fileID: 0}
  m_PrefabInstance: {fileID: 0}
  m_PrefabAsset: {fileID: 0}
  m_GameObject: {fileID: 301786942}
  m_Enabled: 1
  serializedVersion: 3
  m_RenderMode: 0
  m_Camera: {fileID: 0}
  m_PlaneDistance: 100
  m_PixelPerfect: 0
  m_ReceivesEvents: 1
  m_OverrideSorting: 0
  m_OverridePixelPerfect: 0
  m_SortingBucketNormalizedSize: 0
  m_AdditionalShaderChannelsFlag: 0
  m_SortingLayerID: 0
  m_SortingOrder: 0
  m_TargetDisplay: 0
--- !u!224 &301786946
RectTransform:
  m_ObjectHideFlags: 0
  m_CorrespondingSourceObject: {fileID: 0}
  m_PrefabInstance: {fileID: 0}
  m_PrefabAsset: {fileID: 0}
  m_GameObject: {fileID: 301786942}
  m_LocalRotation: {x: 0, y: 0, z: 0, w: 1}
  m_LocalPosition: {x: 0, y: 0, z: 0}
  m_LocalScale: {x: 0, y: 0, z: 0}
  m_Children:
  - {fileID: 668471408}
  - {fileID: 23107055}
  m_Father: {fileID: 0}
  m_RootOrder: 11
  m_LocalEulerAnglesHint: {x: 0, y: 0, z: 0}
  m_AnchorMin: {x: 0, y: 0}
  m_AnchorMax: {x: 0, y: 0}
  m_AnchoredPosition: {x: 0, y: 0}
  m_SizeDelta: {x: 0, y: 0}
  m_Pivot: {x: 0, y: 0}
--- !u!1001 &478019514
PrefabInstance:
  m_ObjectHideFlags: 0
  serializedVersion: 2
  m_Modification:
    m_TransformParent: {fileID: 871603522}
    m_Modifications:
    - target: {fileID: 100050, guid: ba24e610e0a338545b447ff44a3cf1cc, type: 3}
      propertyPath: m_Name
      value: ToonRTS_demo_Knight
      objectReference: {fileID: 0}
    - target: {fileID: 100050, guid: ba24e610e0a338545b447ff44a3cf1cc, type: 3}
      propertyPath: m_Layer
      value: 6
      objectReference: {fileID: 0}
    - target: {fileID: 400050, guid: ba24e610e0a338545b447ff44a3cf1cc, type: 3}
      propertyPath: m_RootOrder
      value: 0
      objectReference: {fileID: 0}
    - target: {fileID: 400050, guid: ba24e610e0a338545b447ff44a3cf1cc, type: 3}
      propertyPath: m_LocalPosition.x
      value: 0
      objectReference: {fileID: 0}
    - target: {fileID: 400050, guid: ba24e610e0a338545b447ff44a3cf1cc, type: 3}
      propertyPath: m_LocalPosition.y
      value: 0
      objectReference: {fileID: 0}
    - target: {fileID: 400050, guid: ba24e610e0a338545b447ff44a3cf1cc, type: 3}
      propertyPath: m_LocalPosition.z
      value: 0
      objectReference: {fileID: 0}
    - target: {fileID: 400050, guid: ba24e610e0a338545b447ff44a3cf1cc, type: 3}
      propertyPath: m_LocalRotation.w
      value: 1
      objectReference: {fileID: 0}
    - target: {fileID: 400050, guid: ba24e610e0a338545b447ff44a3cf1cc, type: 3}
      propertyPath: m_LocalRotation.x
      value: 0
      objectReference: {fileID: 0}
    - target: {fileID: 400050, guid: ba24e610e0a338545b447ff44a3cf1cc, type: 3}
      propertyPath: m_LocalRotation.y
      value: 0
      objectReference: {fileID: 0}
    - target: {fileID: 400050, guid: ba24e610e0a338545b447ff44a3cf1cc, type: 3}
      propertyPath: m_LocalRotation.z
      value: 0
      objectReference: {fileID: 0}
    - target: {fileID: 400050, guid: ba24e610e0a338545b447ff44a3cf1cc, type: 3}
      propertyPath: m_LocalEulerAnglesHint.x
      value: 0
      objectReference: {fileID: 0}
    - target: {fileID: 400050, guid: ba24e610e0a338545b447ff44a3cf1cc, type: 3}
      propertyPath: m_LocalEulerAnglesHint.y
      value: 0
      objectReference: {fileID: 0}
    - target: {fileID: 400050, guid: ba24e610e0a338545b447ff44a3cf1cc, type: 3}
      propertyPath: m_LocalEulerAnglesHint.z
      value: 0
      objectReference: {fileID: 0}
    - target: {fileID: 9500000, guid: ba24e610e0a338545b447ff44a3cf1cc, type: 3}
      propertyPath: m_Controller
      value: 
      objectReference: {fileID: 9100000, guid: 91681da84a7bd6c46b5924ae17d2ad2d, type: 2}
    m_RemovedComponents: []
  m_SourcePrefab: {fileID: 100100000, guid: ba24e610e0a338545b447ff44a3cf1cc, type: 3}
--- !u!4 &478019515 stripped
Transform:
  m_CorrespondingSourceObject: {fileID: 400050, guid: ba24e610e0a338545b447ff44a3cf1cc, type: 3}
  m_PrefabInstance: {fileID: 478019514}
  m_PrefabAsset: {fileID: 0}
--- !u!1 &478019516 stripped
GameObject:
  m_CorrespondingSourceObject: {fileID: 100050, guid: ba24e610e0a338545b447ff44a3cf1cc, type: 3}
  m_PrefabInstance: {fileID: 478019514}
  m_PrefabAsset: {fileID: 0}
--- !u!143 &478019517
CharacterController:
  m_ObjectHideFlags: 0
  m_CorrespondingSourceObject: {fileID: 0}
  m_PrefabInstance: {fileID: 0}
  m_PrefabAsset: {fileID: 0}
  m_GameObject: {fileID: 478019516}
  m_Material: {fileID: 0}
  m_IsTrigger: 0
  m_Enabled: 1
  serializedVersion: 2
  m_Height: 1.5
  m_Radius: 0.5
  m_SlopeLimit: 45
  m_StepOffset: 0.3
  m_SkinWidth: 0.0001
  m_MinMoveDistance: 0.001
  m_Center: {x: 0, y: 0.75, z: 0}
--- !u!54 &478019518
Rigidbody:
  m_ObjectHideFlags: 0
  m_CorrespondingSourceObject: {fileID: 0}
  m_PrefabInstance: {fileID: 0}
  m_PrefabAsset: {fileID: 0}
  m_GameObject: {fileID: 478019516}
  serializedVersion: 2
  m_Mass: 1
  m_Drag: 0
  m_AngularDrag: 0.05
  m_UseGravity: 1
  m_IsKinematic: 1
  m_Interpolate: 0
  m_Constraints: 0
  m_CollisionDetection: 0
--- !u!114 &478019519
MonoBehaviour:
  m_ObjectHideFlags: 0
  m_CorrespondingSourceObject: {fileID: 0}
  m_PrefabInstance: {fileID: 0}
  m_PrefabAsset: {fileID: 0}
  m_GameObject: {fileID: 478019516}
  m_Enabled: 1
  m_EditorHideFlags: 0
  m_Script: {fileID: 11500000, guid: c743ac3fbcc2a524baa92df887f63cea, type: 3}
  m_Name: 
  m_EditorClassIdentifier: 
  moveSpeed: 5
  walkSpeed: 5
  runSpeed: 7
  isGrounded: 0
  groundCheckDistance: 0.2
  groundMask:
    serializedVersion: 2
    m_Bits: 64
  gravity: -9.81
  jumpHeight: 1.5
--- !u!1001 &480206851
PrefabInstance:
  m_ObjectHideFlags: 0
  serializedVersion: 2
  m_Modification:
    m_TransformParent: {fileID: 608912466}
    m_Modifications:
    - target: {fileID: 7990731035060334357, guid: f28ec0dbaf2c6a64f9a7c9c619b16b4b, type: 3}
      propertyPath: m_Layer
      value: 6
      objectReference: {fileID: 0}
    - target: {fileID: 7990731035082831190, guid: f28ec0dbaf2c6a64f9a7c9c619b16b4b, type: 3}
      propertyPath: m_Layer
      value: 6
      objectReference: {fileID: 0}
    - target: {fileID: 7990731035202989103, guid: f28ec0dbaf2c6a64f9a7c9c619b16b4b, type: 3}
      propertyPath: m_Name
      value: Ramp_With_Base_Wider
      objectReference: {fileID: 0}
    - target: {fileID: 7990731035202989103, guid: f28ec0dbaf2c6a64f9a7c9c619b16b4b, type: 3}
      propertyPath: m_Layer
      value: 6
      objectReference: {fileID: 0}
    - target: {fileID: 7990731035202989139, guid: f28ec0dbaf2c6a64f9a7c9c619b16b4b, type: 3}
      propertyPath: m_RootOrder
      value: 2
      objectReference: {fileID: 0}
    - target: {fileID: 7990731035202989139, guid: f28ec0dbaf2c6a64f9a7c9c619b16b4b, type: 3}
      propertyPath: m_LocalPosition.x
      value: 0
      objectReference: {fileID: 0}
    - target: {fileID: 7990731035202989139, guid: f28ec0dbaf2c6a64f9a7c9c619b16b4b, type: 3}
      propertyPath: m_LocalPosition.y
      value: 0.5
      objectReference: {fileID: 0}
    - target: {fileID: 7990731035202989139, guid: f28ec0dbaf2c6a64f9a7c9c619b16b4b, type: 3}
      propertyPath: m_LocalPosition.z
      value: 5
      objectReference: {fileID: 0}
    - target: {fileID: 7990731035202989139, guid: f28ec0dbaf2c6a64f9a7c9c619b16b4b, type: 3}
      propertyPath: m_LocalRotation.w
      value: 1
      objectReference: {fileID: 0}
    - target: {fileID: 7990731035202989139, guid: f28ec0dbaf2c6a64f9a7c9c619b16b4b, type: 3}
      propertyPath: m_LocalRotation.x
      value: -0
      objectReference: {fileID: 0}
    - target: {fileID: 7990731035202989139, guid: f28ec0dbaf2c6a64f9a7c9c619b16b4b, type: 3}
      propertyPath: m_LocalRotation.y
      value: -0
      objectReference: {fileID: 0}
    - target: {fileID: 7990731035202989139, guid: f28ec0dbaf2c6a64f9a7c9c619b16b4b, type: 3}
      propertyPath: m_LocalRotation.z
      value: -0
      objectReference: {fileID: 0}
    - target: {fileID: 7990731035202989139, guid: f28ec0dbaf2c6a64f9a7c9c619b16b4b, type: 3}
      propertyPath: m_LocalEulerAnglesHint.x
      value: 0
      objectReference: {fileID: 0}
    - target: {fileID: 7990731035202989139, guid: f28ec0dbaf2c6a64f9a7c9c619b16b4b, type: 3}
      propertyPath: m_LocalEulerAnglesHint.y
      value: 0
      objectReference: {fileID: 0}
    - target: {fileID: 7990731035202989139, guid: f28ec0dbaf2c6a64f9a7c9c619b16b4b, type: 3}
      propertyPath: m_LocalEulerAnglesHint.z
      value: 0
      objectReference: {fileID: 0}
    m_RemovedComponents: []
  m_SourcePrefab: {fileID: 100100000, guid: f28ec0dbaf2c6a64f9a7c9c619b16b4b, type: 3}
--- !u!1 &489543181 stripped
GameObject:
  m_CorrespondingSourceObject: {fileID: 2769989755472591902, guid: c1ae224cf7f36794dba5baab054bb541, type: 3}
  m_PrefabInstance: {fileID: 7223688364819598586}
  m_PrefabAsset: {fileID: 0}
--- !u!4 &489543185 stripped
Transform:
  m_CorrespondingSourceObject: {fileID: 7450322887304989732, guid: c1ae224cf7f36794dba5baab054bb541, type: 3}
  m_PrefabInstance: {fileID: 7223688364819598586}
  m_PrefabAsset: {fileID: 0}
--- !u!64 &489543186
MeshCollider:
  m_ObjectHideFlags: 0
  m_CorrespondingSourceObject: {fileID: 0}
  m_PrefabInstance: {fileID: 0}
  m_PrefabAsset: {fileID: 0}
  m_GameObject: {fileID: 489543181}
  m_Material: {fileID: 0}
  m_IsTrigger: 0
  m_Enabled: 1
  serializedVersion: 4
  m_Convex: 0
  m_CookingOptions: 30
  m_Mesh: {fileID: -792902473469599757, guid: c1ae224cf7f36794dba5baab054bb541, type: 3}
--- !u!1 &608912465
GameObject:
  m_ObjectHideFlags: 0
  m_CorrespondingSourceObject: {fileID: 0}
  m_PrefabInstance: {fileID: 0}
  m_PrefabAsset: {fileID: 0}
  serializedVersion: 6
  m_Component:
  - component: {fileID: 608912466}
  m_Layer: 0
  m_Name: Level
  m_TagString: Untagged
  m_Icon: {fileID: 0}
  m_NavMeshLayer: 0
  m_StaticEditorFlags: 0
  m_IsActive: 1
--- !u!4 &608912466
Transform:
  m_ObjectHideFlags: 0
  m_CorrespondingSourceObject: {fileID: 0}
  m_PrefabInstance: {fileID: 0}
  m_PrefabAsset: {fileID: 0}
  m_GameObject: {fileID: 608912465}
  m_LocalRotation: {x: 0, y: 0, z: 0, w: 1}
  m_LocalPosition: {x: 0, y: 0, z: 0}
  m_LocalScale: {x: 1, y: 1, z: 1}
  m_Children:
  - {fileID: 1739096481}
  - {fileID: 880187490}
  - {fileID: 1427318639}
  - {fileID: 53786107}
  - {fileID: 2017855377}
  - {fileID: 989733543}
  - {fileID: 1993631851}
  - {fileID: 489543185}
  - {fileID: 1072112806}
  - {fileID: 2046035630}
  - {fileID: 1242121743}
  m_Father: {fileID: 0}
  m_RootOrder: 9
  m_LocalEulerAnglesHint: {x: 0, y: 0, z: 0}
--- !u!1 &668471407
GameObject:
  m_ObjectHideFlags: 0
  m_CorrespondingSourceObject: {fileID: 0}
  m_PrefabInstance: {fileID: 0}
  m_PrefabAsset: {fileID: 0}
  serializedVersion: 6
  m_Component:
  - component: {fileID: 668471408}
  - component: {fileID: 668471410}
  - component: {fileID: 668471409}
  m_Layer: 5
  m_Name: ReferencePanel
  m_TagString: Untagged
  m_Icon: {fileID: 0}
  m_NavMeshLayer: 0
  m_StaticEditorFlags: 0
  m_IsActive: 1
--- !u!224 &668471408
RectTransform:
  m_ObjectHideFlags: 0
  m_CorrespondingSourceObject: {fileID: 0}
  m_PrefabInstance: {fileID: 0}
  m_PrefabAsset: {fileID: 0}
  m_GameObject: {fileID: 668471407}
  m_LocalRotation: {x: 0, y: 0, z: 0, w: 1}
  m_LocalPosition: {x: 0, y: 0, z: 0}
  m_LocalScale: {x: 1, y: 1, z: 1}
  m_Children: []
  m_Father: {fileID: 301786946}
  m_RootOrder: 0
  m_LocalEulerAnglesHint: {x: 0, y: 0, z: 0}
  m_AnchorMin: {x: 0, y: 0}
  m_AnchorMax: {x: 1, y: 1}
  m_AnchoredPosition: {x: 0, y: 0}
  m_SizeDelta: {x: 0, y: 0}
  m_Pivot: {x: 0.5, y: 0.5}
--- !u!114 &668471409
MonoBehaviour:
  m_ObjectHideFlags: 0
  m_CorrespondingSourceObject: {fileID: 0}
  m_PrefabInstance: {fileID: 0}
  m_PrefabAsset: {fileID: 0}
  m_GameObject: {fileID: 668471407}
  m_Enabled: 1
  m_EditorHideFlags: 0
  m_Script: {fileID: 11500000, guid: fe87c0e1cc204ed48ad3b37840f39efc, type: 3}
  m_Name: 
  m_EditorClassIdentifier: 
  m_Material: {fileID: 0}
  m_Color: {r: 1, g: 1, b: 1, a: 0.392}
  m_RaycastTarget: 1
  m_RaycastPadding: {x: 0, y: 0, z: 0, w: 0}
  m_Maskable: 1
  m_OnCullStateChanged:
    m_PersistentCalls:
      m_Calls: []
  m_Sprite: {fileID: 10907, guid: 0000000000000000f000000000000000, type: 0}
  m_Type: 1
  m_PreserveAspect: 0
  m_FillCenter: 1
  m_FillMethod: 4
  m_FillAmount: 1
  m_FillClockwise: 1
  m_FillOrigin: 0
  m_UseSpriteMesh: 0
  m_PixelsPerUnitMultiplier: 1
--- !u!222 &668471410
CanvasRenderer:
  m_ObjectHideFlags: 0
  m_CorrespondingSourceObject: {fileID: 0}
  m_PrefabInstance: {fileID: 0}
  m_PrefabAsset: {fileID: 0}
  m_GameObject: {fileID: 668471407}
  m_CullTransparentMesh: 1
--- !u!1 &705507993
GameObject:
  m_ObjectHideFlags: 0
  m_CorrespondingSourceObject: {fileID: 0}
  m_PrefabInstance: {fileID: 0}
  m_PrefabAsset: {fileID: 0}
  serializedVersion: 6
  m_Component:
  - component: {fileID: 705507995}
  - component: {fileID: 705507994}
  m_Layer: 0
  m_Name: Directional Light
  m_TagString: Untagged
  m_Icon: {fileID: 0}
  m_NavMeshLayer: 0
  m_StaticEditorFlags: 0
  m_IsActive: 1
--- !u!108 &705507994
Light:
  m_ObjectHideFlags: 0
  m_CorrespondingSourceObject: {fileID: 0}
  m_PrefabInstance: {fileID: 0}
  m_PrefabAsset: {fileID: 0}
  m_GameObject: {fileID: 705507993}
  m_Enabled: 1
  serializedVersion: 10
  m_Type: 1
  m_Shape: 0
  m_Color: {r: 1, g: 0.95686275, b: 0.8392157, a: 1}
  m_Intensity: 1
  m_Range: 10
  m_SpotAngle: 30
  m_InnerSpotAngle: 21.80208
  m_CookieSize: 10
  m_Shadows:
    m_Type: 2
    m_Resolution: -1
    m_CustomResolution: -1
    m_Strength: 1
    m_Bias: 0.05
    m_NormalBias: 0.4
    m_NearPlane: 0.2
    m_CullingMatrixOverride:
      e00: 1
      e01: 0
      e02: 0
      e03: 0
      e10: 0
      e11: 1
      e12: 0
      e13: 0
      e20: 0
      e21: 0
      e22: 1
      e23: 0
      e30: 0
      e31: 0
      e32: 0
      e33: 1
    m_UseCullingMatrixOverride: 0
  m_Cookie: {fileID: 0}
  m_DrawHalo: 0
  m_Flare: {fileID: 0}
  m_RenderMode: 0
  m_CullingMask:
    serializedVersion: 2
    m_Bits: 4294967295
  m_RenderingLayerMask: 1
  m_Lightmapping: 1
  m_LightShadowCasterMode: 0
  m_AreaSize: {x: 1, y: 1}
  m_BounceIntensity: 1
  m_ColorTemperature: 6570
  m_UseColorTemperature: 0
  m_BoundingSphereOverride: {x: 0, y: 0, z: 0, w: 0}
  m_UseBoundingSphereOverride: 0
  m_UseViewFrustumForShadowCasterCull: 1
  m_ShadowRadius: 0
  m_ShadowAngle: 0
--- !u!4 &705507995
Transform:
  m_ObjectHideFlags: 0
  m_CorrespondingSourceObject: {fileID: 0}
  m_PrefabInstance: {fileID: 0}
  m_PrefabAsset: {fileID: 0}
  m_GameObject: {fileID: 705507993}
  m_LocalRotation: {x: 0.40821788, y: -0.23456968, z: 0.10938163, w: 0.8754261}
  m_LocalPosition: {x: 0, y: 3, z: 0}
  m_LocalScale: {x: 1, y: 1, z: 1}
  m_Children: []
  m_Father: {fileID: 0}
  m_RootOrder: 0
  m_LocalEulerAnglesHint: {x: 50, y: -30, z: 0}
--- !u!1001 &782964599
PrefabInstance:
  m_ObjectHideFlags: 0
  serializedVersion: 2
  m_Modification:
    m_TransformParent: {fileID: 0}
    m_Modifications:
    - target: {fileID: 1888780487294160536, guid: 557d454157044ed4397497799c4accf8, type: 3}
      propertyPath: m_RootOrder
      value: 4
      objectReference: {fileID: 0}
    - target: {fileID: 1888780487294160536, guid: 557d454157044ed4397497799c4accf8, type: 3}
      propertyPath: m_LocalPosition.x
      value: -6.5600634
      objectReference: {fileID: 0}
    - target: {fileID: 1888780487294160536, guid: 557d454157044ed4397497799c4accf8, type: 3}
      propertyPath: m_LocalPosition.y
      value: 1.81
      objectReference: {fileID: 0}
    - target: {fileID: 1888780487294160536, guid: 557d454157044ed4397497799c4accf8, type: 3}
      propertyPath: m_LocalPosition.z
      value: 15.891455
      objectReference: {fileID: 0}
    - target: {fileID: 1888780487294160536, guid: 557d454157044ed4397497799c4accf8, type: 3}
      propertyPath: m_LocalRotation.w
      value: 1
      objectReference: {fileID: 0}
    - target: {fileID: 1888780487294160536, guid: 557d454157044ed4397497799c4accf8, type: 3}
      propertyPath: m_LocalRotation.x
      value: 0
      objectReference: {fileID: 0}
    - target: {fileID: 1888780487294160536, guid: 557d454157044ed4397497799c4accf8, type: 3}
      propertyPath: m_LocalRotation.y
      value: 0
      objectReference: {fileID: 0}
    - target: {fileID: 1888780487294160536, guid: 557d454157044ed4397497799c4accf8, type: 3}
      propertyPath: m_LocalRotation.z
      value: 0
      objectReference: {fileID: 0}
    - target: {fileID: 1888780487294160536, guid: 557d454157044ed4397497799c4accf8, type: 3}
      propertyPath: m_LocalEulerAnglesHint.x
      value: 0
      objectReference: {fileID: 0}
    - target: {fileID: 1888780487294160536, guid: 557d454157044ed4397497799c4accf8, type: 3}
      propertyPath: m_LocalEulerAnglesHint.y
      value: 0
      objectReference: {fileID: 0}
    - target: {fileID: 1888780487294160536, guid: 557d454157044ed4397497799c4accf8, type: 3}
      propertyPath: m_LocalEulerAnglesHint.z
      value: 0
      objectReference: {fileID: 0}
    - target: {fileID: 6022620495656467637, guid: 557d454157044ed4397497799c4accf8, type: 3}
      propertyPath: m_Name
      value: Platform
      objectReference: {fileID: 0}
    m_RemovedComponents: []
  m_SourcePrefab: {fileID: 100100000, guid: 557d454157044ed4397497799c4accf8, type: 3}
--- !u!1001 &848039768
PrefabInstance:
  m_ObjectHideFlags: 0
  serializedVersion: 2
  m_Modification:
    m_TransformParent: {fileID: 0}
    m_Modifications:
    - target: {fileID: 1844597534521719672, guid: a68c1b5ad43646340bc4152fe858c26e, type: 3}
      propertyPath: m_RootOrder
      value: 7
      objectReference: {fileID: 0}
    - target: {fileID: 1844597534521719672, guid: a68c1b5ad43646340bc4152fe858c26e, type: 3}
      propertyPath: m_LocalPosition.x
      value: 0.9629109
      objectReference: {fileID: 0}
    - target: {fileID: 1844597534521719672, guid: a68c1b5ad43646340bc4152fe858c26e, type: 3}
      propertyPath: m_LocalPosition.y
      value: 1.5
      objectReference: {fileID: 0}
    - target: {fileID: 1844597534521719672, guid: a68c1b5ad43646340bc4152fe858c26e, type: 3}
      propertyPath: m_LocalPosition.z
      value: 9.333308
      objectReference: {fileID: 0}
    - target: {fileID: 1844597534521719672, guid: a68c1b5ad43646340bc4152fe858c26e, type: 3}
      propertyPath: m_LocalRotation.w
      value: 1
      objectReference: {fileID: 0}
    - target: {fileID: 1844597534521719672, guid: a68c1b5ad43646340bc4152fe858c26e, type: 3}
      propertyPath: m_LocalRotation.x
      value: 0
      objectReference: {fileID: 0}
    - target: {fileID: 1844597534521719672, guid: a68c1b5ad43646340bc4152fe858c26e, type: 3}
      propertyPath: m_LocalRotation.y
      value: 0
      objectReference: {fileID: 0}
    - target: {fileID: 1844597534521719672, guid: a68c1b5ad43646340bc4152fe858c26e, type: 3}
      propertyPath: m_LocalRotation.z
      value: 0
      objectReference: {fileID: 0}
    - target: {fileID: 1844597534521719672, guid: a68c1b5ad43646340bc4152fe858c26e, type: 3}
      propertyPath: m_LocalEulerAnglesHint.x
      value: 0
      objectReference: {fileID: 0}
    - target: {fileID: 1844597534521719672, guid: a68c1b5ad43646340bc4152fe858c26e, type: 3}
      propertyPath: m_LocalEulerAnglesHint.y
      value: 0
      objectReference: {fileID: 0}
    - target: {fileID: 1844597534521719672, guid: a68c1b5ad43646340bc4152fe858c26e, type: 3}
      propertyPath: m_LocalEulerAnglesHint.z
      value: 0
      objectReference: {fileID: 0}
    - target: {fileID: 1933825502992112808, guid: a68c1b5ad43646340bc4152fe858c26e, type: 3}
      propertyPath: m_Name
      value: Circular_Platform_Large
      objectReference: {fileID: 0}
    m_RemovedComponents: []
  m_SourcePrefab: {fileID: 100100000, guid: a68c1b5ad43646340bc4152fe858c26e, type: 3}
--- !u!1 &871603521
GameObject:
  m_ObjectHideFlags: 0
  m_CorrespondingSourceObject: {fileID: 0}
  m_PrefabInstance: {fileID: 0}
  m_PrefabAsset: {fileID: 0}
  serializedVersion: 6
  m_Component:
  - component: {fileID: 871603522}
  m_Layer: 0
  m_Name: Player
  m_TagString: Untagged
  m_Icon: {fileID: 0}
  m_NavMeshLayer: 0
  m_StaticEditorFlags: 0
  m_IsActive: 1
--- !u!4 &871603522
Transform:
  m_ObjectHideFlags: 0
  m_CorrespondingSourceObject: {fileID: 0}
  m_PrefabInstance: {fileID: 0}
  m_PrefabAsset: {fileID: 0}
  m_GameObject: {fileID: 871603521}
  m_LocalRotation: {x: 0, y: 0, z: 0, w: 1}
  m_LocalPosition: {x: 0, y: 0, z: 0}
  m_LocalScale: {x: 1, y: 1, z: 1}
  m_Children:
  - {fileID: 478019515}
  m_Father: {fileID: 0}
  m_RootOrder: 8
  m_LocalEulerAnglesHint: {x: 0, y: 0, z: 0}
--- !u!1 &880187486
GameObject:
  m_ObjectHideFlags: 0
  m_CorrespondingSourceObject: {fileID: 0}
  m_PrefabInstance: {fileID: 0}
  m_PrefabAsset: {fileID: 0}
  serializedVersion: 6
  m_Component:
  - component: {fileID: 880187490}
  - component: {fileID: 880187489}
  - component: {fileID: 880187488}
  - component: {fileID: 880187487}
  m_Layer: 0
  m_Name: Ground
  m_TagString: Untagged
  m_Icon: {fileID: 0}
  m_NavMeshLayer: 0
  m_StaticEditorFlags: 0
  m_IsActive: 1
--- !u!64 &880187487
MeshCollider:
  m_ObjectHideFlags: 0
  m_CorrespondingSourceObject: {fileID: 0}
  m_PrefabInstance: {fileID: 0}
  m_PrefabAsset: {fileID: 0}
  m_GameObject: {fileID: 880187486}
  m_Material: {fileID: 0}
  m_IsTrigger: 0
  m_Enabled: 1
  serializedVersion: 4
  m_Convex: 0
  m_CookingOptions: 30
  m_Mesh: {fileID: 10209, guid: 0000000000000000e000000000000000, type: 0}
--- !u!23 &880187488
MeshRenderer:
  m_ObjectHideFlags: 0
  m_CorrespondingSourceObject: {fileID: 0}
  m_PrefabInstance: {fileID: 0}
  m_PrefabAsset: {fileID: 0}
  m_GameObject: {fileID: 880187486}
  m_Enabled: 1
  m_CastShadows: 1
  m_ReceiveShadows: 1
  m_DynamicOccludee: 1
  m_MotionVectors: 1
  m_LightProbeUsage: 1
  m_ReflectionProbeUsage: 1
  m_RayTracingMode: 2
  m_RayTraceProcedural: 0
  m_RenderingLayerMask: 1
  m_RendererPriority: 0
  m_Materials:
  - {fileID: 10303, guid: 0000000000000000f000000000000000, type: 0}
  m_StaticBatchInfo:
    firstSubMesh: 0
    subMeshCount: 0
  m_StaticBatchRoot: {fileID: 0}
  m_ProbeAnchor: {fileID: 0}
  m_LightProbeVolumeOverride: {fileID: 0}
  m_ScaleInLightmap: 1
  m_ReceiveGI: 1
  m_PreserveUVs: 0
  m_IgnoreNormalsForChartDetection: 0
  m_ImportantGI: 0
  m_StitchLightmapSeams: 1
  m_SelectedEditorRenderState: 3
  m_MinimumChartSize: 4
  m_AutoUVMaxDistance: 0.5
  m_AutoUVMaxAngle: 89
  m_LightmapParameters: {fileID: 0}
  m_SortingLayerID: 0
  m_SortingLayer: 0
  m_SortingOrder: 0
  m_AdditionalVertexStreams: {fileID: 0}
--- !u!33 &880187489
MeshFilter:
  m_ObjectHideFlags: 0
  m_CorrespondingSourceObject: {fileID: 0}
  m_PrefabInstance: {fileID: 0}
  m_PrefabAsset: {fileID: 0}
  m_GameObject: {fileID: 880187486}
  m_Mesh: {fileID: 10209, guid: 0000000000000000e000000000000000, type: 0}
--- !u!4 &880187490
Transform:
  m_ObjectHideFlags: 0
  m_CorrespondingSourceObject: {fileID: 0}
  m_PrefabInstance: {fileID: 0}
  m_PrefabAsset: {fileID: 0}
  m_GameObject: {fileID: 880187486}
  m_LocalRotation: {x: -0, y: -0, z: -0, w: 1}
  m_LocalPosition: {x: -0.25, y: 0.0000000074503532, z: 9.749998}
  m_LocalScale: {x: 2.8001235, y: 1, z: 3.500163}
  m_Children: []
  m_Father: {fileID: 608912466}
  m_RootOrder: 1
  m_LocalEulerAnglesHint: {x: 0, y: 0, z: 0}
--- !u!1001 &888807922
PrefabInstance:
  m_ObjectHideFlags: 0
  serializedVersion: 2
  m_Modification:
    m_TransformParent: {fileID: 0}
    m_Modifications:
    - target: {fileID: 793739709042446341, guid: fddfc388430f6614ab1be3bcac1b574e, type: 3}
      propertyPath: m_RootOrder
      value: 2
      objectReference: {fileID: 0}
    - target: {fileID: 793739709042446341, guid: fddfc388430f6614ab1be3bcac1b574e, type: 3}
      propertyPath: m_LocalPosition.x
      value: -4.304401
      objectReference: {fileID: 0}
    - target: {fileID: 793739709042446341, guid: fddfc388430f6614ab1be3bcac1b574e, type: 3}
      propertyPath: m_LocalPosition.y
      value: 4.1250005
      objectReference: {fileID: 0}
    - target: {fileID: 793739709042446341, guid: fddfc388430f6614ab1be3bcac1b574e, type: 3}
      propertyPath: m_LocalPosition.z
      value: 10.468725
      objectReference: {fileID: 0}
    - target: {fileID: 793739709042446341, guid: fddfc388430f6614ab1be3bcac1b574e, type: 3}
      propertyPath: m_LocalRotation.w
      value: 1
      objectReference: {fileID: 0}
    - target: {fileID: 793739709042446341, guid: fddfc388430f6614ab1be3bcac1b574e, type: 3}
      propertyPath: m_LocalRotation.x
      value: 0
      objectReference: {fileID: 0}
    - target: {fileID: 793739709042446341, guid: fddfc388430f6614ab1be3bcac1b574e, type: 3}
      propertyPath: m_LocalRotation.y
      value: 0
      objectReference: {fileID: 0}
    - target: {fileID: 793739709042446341, guid: fddfc388430f6614ab1be3bcac1b574e, type: 3}
      propertyPath: m_LocalRotation.z
      value: 0
      objectReference: {fileID: 0}
    - target: {fileID: 793739709042446341, guid: fddfc388430f6614ab1be3bcac1b574e, type: 3}
      propertyPath: m_LocalEulerAnglesHint.x
      value: 0
      objectReference: {fileID: 0}
    - target: {fileID: 793739709042446341, guid: fddfc388430f6614ab1be3bcac1b574e, type: 3}
      propertyPath: m_LocalEulerAnglesHint.y
      value: 0
      objectReference: {fileID: 0}
    - target: {fileID: 793739709042446341, guid: fddfc388430f6614ab1be3bcac1b574e, type: 3}
      propertyPath: m_LocalEulerAnglesHint.z
      value: 0
      objectReference: {fileID: 0}
    - target: {fileID: 4801119475389981224, guid: fddfc388430f6614ab1be3bcac1b574e, type: 3}
      propertyPath: m_Name
      value: Platform_3x3
      objectReference: {fileID: 0}
    m_RemovedComponents: []
  m_SourcePrefab: {fileID: 100100000, guid: fddfc388430f6614ab1be3bcac1b574e, type: 3}
--- !u!1001 &921865348
PrefabInstance:
  m_ObjectHideFlags: 0
  serializedVersion: 2
  m_Modification:
    m_TransformParent: {fileID: 0}
    m_Modifications:
    - target: {fileID: 2381757478933229382, guid: b81e3a740903ef846b74d5c7354a77f5, type: 3}
      propertyPath: m_RootOrder
      value: 3
      objectReference: {fileID: 0}
    - target: {fileID: 2381757478933229382, guid: b81e3a740903ef846b74d5c7354a77f5, type: 3}
      propertyPath: m_LocalPosition.x
      value: -4.6267023
      objectReference: {fileID: 0}
    - target: {fileID: 2381757478933229382, guid: b81e3a740903ef846b74d5c7354a77f5, type: 3}
      propertyPath: m_LocalPosition.y
      value: 2.6
      objectReference: {fileID: 0}
    - target: {fileID: 2381757478933229382, guid: b81e3a740903ef846b74d5c7354a77f5, type: 3}
      propertyPath: m_LocalPosition.z
      value: 13.265356
      objectReference: {fileID: 0}
    - target: {fileID: 2381757478933229382, guid: b81e3a740903ef846b74d5c7354a77f5, type: 3}
      propertyPath: m_LocalRotation.w
      value: 1
      objectReference: {fileID: 0}
    - target: {fileID: 2381757478933229382, guid: b81e3a740903ef846b74d5c7354a77f5, type: 3}
      propertyPath: m_LocalRotation.x
      value: 0
      objectReference: {fileID: 0}
    - target: {fileID: 2381757478933229382, guid: b81e3a740903ef846b74d5c7354a77f5, type: 3}
      propertyPath: m_LocalRotation.y
      value: 0
      objectReference: {fileID: 0}
    - target: {fileID: 2381757478933229382, guid: b81e3a740903ef846b74d5c7354a77f5, type: 3}
      propertyPath: m_LocalRotation.z
      value: 0
      objectReference: {fileID: 0}
    - target: {fileID: 2381757478933229382, guid: b81e3a740903ef846b74d5c7354a77f5, type: 3}
      propertyPath: m_LocalEulerAnglesHint.x
      value: 0
      objectReference: {fileID: 0}
    - target: {fileID: 2381757478933229382, guid: b81e3a740903ef846b74d5c7354a77f5, type: 3}
      propertyPath: m_LocalEulerAnglesHint.y
      value: 0
      objectReference: {fileID: 0}
    - target: {fileID: 2381757478933229382, guid: b81e3a740903ef846b74d5c7354a77f5, type: 3}
      propertyPath: m_LocalEulerAnglesHint.z
      value: 0
      objectReference: {fileID: 0}
    - target: {fileID: 7543350671781485931, guid: b81e3a740903ef846b74d5c7354a77f5, type: 3}
      propertyPath: m_Name
      value: Platform_2x2
      objectReference: {fileID: 0}
    m_RemovedComponents: []
  m_SourcePrefab: {fileID: 100100000, guid: b81e3a740903ef846b74d5c7354a77f5, type: 3}
--- !u!1 &963194225
GameObject:
  m_ObjectHideFlags: 0
  m_CorrespondingSourceObject: {fileID: 0}
  m_PrefabInstance: {fileID: 0}
  m_PrefabAsset: {fileID: 0}
  serializedVersion: 6
  m_Component:
  - component: {fileID: 963194228}
  - component: {fileID: 963194227}
  - component: {fileID: 963194226}
  - component: {fileID: 963194229}
  m_Layer: 0
  m_Name: Main Camera
  m_TagString: MainCamera
  m_Icon: {fileID: 0}
  m_NavMeshLayer: 0
  m_StaticEditorFlags: 0
  m_IsActive: 1
--- !u!81 &963194226
AudioListener:
  m_ObjectHideFlags: 0
  m_CorrespondingSourceObject: {fileID: 0}
  m_PrefabInstance: {fileID: 0}
  m_PrefabAsset: {fileID: 0}
  m_GameObject: {fileID: 963194225}
  m_Enabled: 1
--- !u!20 &963194227
Camera:
  m_ObjectHideFlags: 0
  m_CorrespondingSourceObject: {fileID: 0}
  m_PrefabInstance: {fileID: 0}
  m_PrefabAsset: {fileID: 0}
  m_GameObject: {fileID: 963194225}
  m_Enabled: 1
  serializedVersion: 2
  m_ClearFlags: 1
  m_BackGroundColor: {r: 0.19215687, g: 0.3019608, b: 0.4745098, a: 0}
  m_projectionMatrixMode: 1
  m_GateFitMode: 2
  m_FOVAxisMode: 0
  m_SensorSize: {x: 36, y: 24}
  m_LensShift: {x: 0, y: 0}
  m_FocalLength: 50
  m_NormalizedViewPortRect:
    serializedVersion: 2
    x: 0
    y: 0
    width: 1
    height: 1
  near clip plane: 0.3
  far clip plane: 1000
  field of view: 60
  orthographic: 0
  orthographic size: 5
  m_Depth: -1
  m_CullingMask:
    serializedVersion: 2
    m_Bits: 4294967295
  m_RenderingPath: -1
  m_TargetTexture: {fileID: 0}
  m_TargetDisplay: 0
  m_TargetEye: 3
  m_HDR: 1
  m_AllowMSAA: 1
  m_AllowDynamicResolution: 0
  m_ForceIntoRT: 0
  m_OcclusionCulling: 1
  m_StereoConvergence: 10
  m_StereoSeparation: 0.022
--- !u!4 &963194228
Transform:
  m_ObjectHideFlags: 0
  m_CorrespondingSourceObject: {fileID: 0}
  m_PrefabInstance: {fileID: 0}
  m_PrefabAsset: {fileID: 0}
  m_GameObject: {fileID: 963194225}
  m_LocalRotation: {x: 0.13052616, y: -0, z: -0, w: 0.9914449}
  m_LocalPosition: {x: 0, y: 2.15, z: -3}
  m_LocalScale: {x: 1, y: 1, z: 1}
  m_Children: []
  m_Father: {fileID: 478019515}
  m_RootOrder: 2
  m_LocalEulerAnglesHint: {x: 15, y: 0, z: 0}
--- !u!114 &963194229
MonoBehaviour:
  m_ObjectHideFlags: 0
  m_CorrespondingSourceObject: {fileID: 0}
  m_PrefabInstance: {fileID: 0}
  m_PrefabAsset: {fileID: 0}
  m_GameObject: {fileID: 963194225}
  m_Enabled: 1
  m_EditorHideFlags: 0
  m_Script: {fileID: 11500000, guid: 462003f3f9636304ca90f360d6d224ec, type: 3}
  m_Name: 
  m_EditorClassIdentifier: 
  mouseSensitivity: 250
--- !u!4 &989733543 stripped
Transform:
  m_CorrespondingSourceObject: {fileID: 1079579496783261855, guid: 4e1d466e5b65c5d408aaabad1839c1f9, type: 3}
  m_PrefabInstance: {fileID: 1833647764}
  m_PrefabAsset: {fileID: 0}
--- !u!1001 &1063426119
PrefabInstance:
  m_ObjectHideFlags: 0
  serializedVersion: 2
  m_Modification:
    m_TransformParent: {fileID: 608912466}
    m_Modifications:
    - target: {fileID: 5853635115753083698, guid: 292b093a1572d0c41ad268f61e6699e8, type: 3}
      propertyPath: m_Name
      value: Circular_Platform_Medium
      objectReference: {fileID: 0}
    - target: {fileID: 5941177803732088034, guid: 292b093a1572d0c41ad268f61e6699e8, type: 3}
      propertyPath: m_RootOrder
      value: 0
      objectReference: {fileID: 0}
    - target: {fileID: 5941177803732088034, guid: 292b093a1572d0c41ad268f61e6699e8, type: 3}
      propertyPath: m_LocalPosition.x
      value: 1.48
      objectReference: {fileID: 0}
    - target: {fileID: 5941177803732088034, guid: 292b093a1572d0c41ad268f61e6699e8, type: 3}
      propertyPath: m_LocalPosition.y
      value: 2.15
      objectReference: {fileID: 0}
    - target: {fileID: 5941177803732088034, guid: 292b093a1572d0c41ad268f61e6699e8, type: 3}
      propertyPath: m_LocalPosition.z
      value: 0.33
      objectReference: {fileID: 0}
    - target: {fileID: 5941177803732088034, guid: 292b093a1572d0c41ad268f61e6699e8, type: 3}
      propertyPath: m_LocalRotation.w
      value: 1
      objectReference: {fileID: 0}
    - target: {fileID: 5941177803732088034, guid: 292b093a1572d0c41ad268f61e6699e8, type: 3}
      propertyPath: m_LocalRotation.x
      value: -0
      objectReference: {fileID: 0}
    - target: {fileID: 5941177803732088034, guid: 292b093a1572d0c41ad268f61e6699e8, type: 3}
      propertyPath: m_LocalRotation.y
      value: -0
      objectReference: {fileID: 0}
    - target: {fileID: 5941177803732088034, guid: 292b093a1572d0c41ad268f61e6699e8, type: 3}
      propertyPath: m_LocalRotation.z
      value: -0
      objectReference: {fileID: 0}
    - target: {fileID: 5941177803732088034, guid: 292b093a1572d0c41ad268f61e6699e8, type: 3}
      propertyPath: m_LocalEulerAnglesHint.x
      value: 0
      objectReference: {fileID: 0}
    - target: {fileID: 5941177803732088034, guid: 292b093a1572d0c41ad268f61e6699e8, type: 3}
      propertyPath: m_LocalEulerAnglesHint.y
      value: 0
      objectReference: {fileID: 0}
    - target: {fileID: 5941177803732088034, guid: 292b093a1572d0c41ad268f61e6699e8, type: 3}
      propertyPath: m_LocalEulerAnglesHint.z
      value: 0
      objectReference: {fileID: 0}
    m_RemovedComponents: []
  m_SourcePrefab: {fileID: 100100000, guid: 292b093a1572d0c41ad268f61e6699e8, type: 3}
--- !u!1001 &1072112803
PrefabInstance:
  m_ObjectHideFlags: 0
  serializedVersion: 2
  m_Modification:
    m_TransformParent: {fileID: 608912466}
    m_Modifications:
    - target: {fileID: 2769989755472591902, guid: c1ae224cf7f36794dba5baab054bb541, type: 3}
      propertyPath: m_Name
      value: OptimizedTree (1)
      objectReference: {fileID: 0}
    - target: {fileID: 2769989755472591902, guid: c1ae224cf7f36794dba5baab054bb541, type: 3}
      propertyPath: m_Layer
      value: 6
      objectReference: {fileID: 0}
    - target: {fileID: 3678317493124917868, guid: c1ae224cf7f36794dba5baab054bb541, type: 3}
      propertyPath: m_Enabled
      value: 1
      objectReference: {fileID: 0}
    - target: {fileID: 7450322887304989732, guid: c1ae224cf7f36794dba5baab054bb541, type: 3}
      propertyPath: m_RootOrder
      value: 8
      objectReference: {fileID: 0}
    - target: {fileID: 7450322887304989732, guid: c1ae224cf7f36794dba5baab054bb541, type: 3}
      propertyPath: m_LocalPosition.x
      value: -2.2969513
      objectReference: {fileID: 0}
    - target: {fileID: 7450322887304989732, guid: c1ae224cf7f36794dba5baab054bb541, type: 3}
      propertyPath: m_LocalPosition.y
      value: 0
      objectReference: {fileID: 0}
    - target: {fileID: 7450322887304989732, guid: c1ae224cf7f36794dba5baab054bb541, type: 3}
      propertyPath: m_LocalPosition.z
      value: 19.340496
      objectReference: {fileID: 0}
    - target: {fileID: 7450322887304989732, guid: c1ae224cf7f36794dba5baab054bb541, type: 3}
      propertyPath: m_LocalRotation.w
      value: 0.9133973
      objectReference: {fileID: 0}
    - target: {fileID: 7450322887304989732, guid: c1ae224cf7f36794dba5baab054bb541, type: 3}
      propertyPath: m_LocalRotation.x
      value: -0
      objectReference: {fileID: 0}
    - target: {fileID: 7450322887304989732, guid: c1ae224cf7f36794dba5baab054bb541, type: 3}
      propertyPath: m_LocalRotation.y
      value: 0.40706918
      objectReference: {fileID: 0}
    - target: {fileID: 7450322887304989732, guid: c1ae224cf7f36794dba5baab054bb541, type: 3}
      propertyPath: m_LocalRotation.z
      value: -0
      objectReference: {fileID: 0}
    - target: {fileID: 7450322887304989732, guid: c1ae224cf7f36794dba5baab054bb541, type: 3}
      propertyPath: m_LocalEulerAnglesHint.x
      value: 0
      objectReference: {fileID: 0}
    - target: {fileID: 7450322887304989732, guid: c1ae224cf7f36794dba5baab054bb541, type: 3}
      propertyPath: m_LocalEulerAnglesHint.y
      value: 48.042
      objectReference: {fileID: 0}
    - target: {fileID: 7450322887304989732, guid: c1ae224cf7f36794dba5baab054bb541, type: 3}
      propertyPath: m_LocalEulerAnglesHint.z
      value: 0
      objectReference: {fileID: 0}
    m_RemovedComponents: []
  m_SourcePrefab: {fileID: 100100000, guid: c1ae224cf7f36794dba5baab054bb541, type: 3}
--- !u!1 &1072112804 stripped
GameObject:
  m_CorrespondingSourceObject: {fileID: 2769989755472591902, guid: c1ae224cf7f36794dba5baab054bb541, type: 3}
  m_PrefabInstance: {fileID: 1072112803}
  m_PrefabAsset: {fileID: 0}
--- !u!64 &1072112805
MeshCollider:
  m_ObjectHideFlags: 0
  m_CorrespondingSourceObject: {fileID: 0}
  m_PrefabInstance: {fileID: 0}
  m_PrefabAsset: {fileID: 0}
  m_GameObject: {fileID: 1072112804}
  m_Material: {fileID: 0}
  m_IsTrigger: 0
  m_Enabled: 1
  serializedVersion: 4
  m_Convex: 0
  m_CookingOptions: 30
  m_Mesh: {fileID: -792902473469599757, guid: c1ae224cf7f36794dba5baab054bb541, type: 3}
--- !u!4 &1072112806 stripped
Transform:
  m_CorrespondingSourceObject: {fileID: 7450322887304989732, guid: c1ae224cf7f36794dba5baab054bb541, type: 3}
  m_PrefabInstance: {fileID: 1072112803}
  m_PrefabAsset: {fileID: 0}
--- !u!1001 &1242121740
PrefabInstance:
  m_ObjectHideFlags: 0
  serializedVersion: 2
  m_Modification:
    m_TransformParent: {fileID: 608912466}
    m_Modifications:
    - target: {fileID: 2769989755472591902, guid: c1ae224cf7f36794dba5baab054bb541, type: 3}
      propertyPath: m_Name
      value: OptimizedTree (3)
      objectReference: {fileID: 0}
    - target: {fileID: 2769989755472591902, guid: c1ae224cf7f36794dba5baab054bb541, type: 3}
      propertyPath: m_Layer
      value: 6
      objectReference: {fileID: 0}
    - target: {fileID: 3678317493124917868, guid: c1ae224cf7f36794dba5baab054bb541, type: 3}
      propertyPath: m_Enabled
      value: 1
      objectReference: {fileID: 0}
    - target: {fileID: 7450322887304989732, guid: c1ae224cf7f36794dba5baab054bb541, type: 3}
      propertyPath: m_RootOrder
      value: 10
      objectReference: {fileID: 0}
    - target: {fileID: 7450322887304989732, guid: c1ae224cf7f36794dba5baab054bb541, type: 3}
      propertyPath: m_LocalPosition.x
      value: 8.239297
      objectReference: {fileID: 0}
    - target: {fileID: 7450322887304989732, guid: c1ae224cf7f36794dba5baab054bb541, type: 3}
      propertyPath: m_LocalPosition.y
      value: 0
      objectReference: {fileID: 0}
    - target: {fileID: 7450322887304989732, guid: c1ae224cf7f36794dba5baab054bb541, type: 3}
      propertyPath: m_LocalPosition.z
      value: -4.791046
      objectReference: {fileID: 0}
    - target: {fileID: 7450322887304989732, guid: c1ae224cf7f36794dba5baab054bb541, type: 3}
      propertyPath: m_LocalRotation.w
      value: 0.80445486
      objectReference: {fileID: 0}
    - target: {fileID: 7450322887304989732, guid: c1ae224cf7f36794dba5baab054bb541, type: 3}
      propertyPath: m_LocalRotation.x
      value: -0
      objectReference: {fileID: 0}
    - target: {fileID: 7450322887304989732, guid: c1ae224cf7f36794dba5baab054bb541, type: 3}
      propertyPath: m_LocalRotation.y
      value: 0.59401375
      objectReference: {fileID: 0}
    - target: {fileID: 7450322887304989732, guid: c1ae224cf7f36794dba5baab054bb541, type: 3}
      propertyPath: m_LocalRotation.z
      value: -0
      objectReference: {fileID: 0}
    - target: {fileID: 7450322887304989732, guid: c1ae224cf7f36794dba5baab054bb541, type: 3}
      propertyPath: m_LocalEulerAnglesHint.x
      value: 0
      objectReference: {fileID: 0}
    - target: {fileID: 7450322887304989732, guid: c1ae224cf7f36794dba5baab054bb541, type: 3}
      propertyPath: m_LocalEulerAnglesHint.y
      value: 72.885
      objectReference: {fileID: 0}
    - target: {fileID: 7450322887304989732, guid: c1ae224cf7f36794dba5baab054bb541, type: 3}
      propertyPath: m_LocalEulerAnglesHint.z
      value: 0
      objectReference: {fileID: 0}
    m_RemovedComponents: []
  m_SourcePrefab: {fileID: 100100000, guid: c1ae224cf7f36794dba5baab054bb541, type: 3}
--- !u!1 &1242121741 stripped
GameObject:
  m_CorrespondingSourceObject: {fileID: 2769989755472591902, guid: c1ae224cf7f36794dba5baab054bb541, type: 3}
  m_PrefabInstance: {fileID: 1242121740}
  m_PrefabAsset: {fileID: 0}
--- !u!64 &1242121742
MeshCollider:
  m_ObjectHideFlags: 0
  m_CorrespondingSourceObject: {fileID: 0}
  m_PrefabInstance: {fileID: 0}
  m_PrefabAsset: {fileID: 0}
  m_GameObject: {fileID: 1242121741}
  m_Material: {fileID: 0}
  m_IsTrigger: 0
  m_Enabled: 1
  serializedVersion: 4
  m_Convex: 0
  m_CookingOptions: 30
  m_Mesh: {fileID: -792902473469599757, guid: c1ae224cf7f36794dba5baab054bb541, type: 3}
--- !u!4 &1242121743 stripped
Transform:
  m_CorrespondingSourceObject: {fileID: 7450322887304989732, guid: c1ae224cf7f36794dba5baab054bb541, type: 3}
  m_PrefabInstance: {fileID: 1242121740}
  m_PrefabAsset: {fileID: 0}
--- !u!1001 &1275425122
PrefabInstance:
  m_ObjectHideFlags: 0
  serializedVersion: 2
  m_Modification:
    m_TransformParent: {fileID: 608912466}
    m_Modifications:
    - target: {fileID: 1079579496783261855, guid: 4e1d466e5b65c5d408aaabad1839c1f9, type: 3}
      propertyPath: m_RootOrder
      value: 6
      objectReference: {fileID: 0}
    - target: {fileID: 1079579496783261855, guid: 4e1d466e5b65c5d408aaabad1839c1f9, type: 3}
      propertyPath: m_LocalPosition.x
      value: 13.237951
      objectReference: {fileID: 0}
    - target: {fileID: 1079579496783261855, guid: 4e1d466e5b65c5d408aaabad1839c1f9, type: 3}
      propertyPath: m_LocalPosition.y
      value: 1.5000005
      objectReference: {fileID: 0}
    - target: {fileID: 1079579496783261855, guid: 4e1d466e5b65c5d408aaabad1839c1f9, type: 3}
      propertyPath: m_LocalPosition.z
      value: 22.16608
      objectReference: {fileID: 0}
    - target: {fileID: 1079579496783261855, guid: 4e1d466e5b65c5d408aaabad1839c1f9, type: 3}
      propertyPath: m_LocalRotation.w
      value: 0.7071068
      objectReference: {fileID: 0}
    - target: {fileID: 1079579496783261855, guid: 4e1d466e5b65c5d408aaabad1839c1f9, type: 3}
      propertyPath: m_LocalRotation.x
      value: -0
      objectReference: {fileID: 0}
    - target: {fileID: 1079579496783261855, guid: 4e1d466e5b65c5d408aaabad1839c1f9, type: 3}
      propertyPath: m_LocalRotation.y
      value: 0.7071068
      objectReference: {fileID: 0}
    - target: {fileID: 1079579496783261855, guid: 4e1d466e5b65c5d408aaabad1839c1f9, type: 3}
      propertyPath: m_LocalRotation.z
      value: -0
      objectReference: {fileID: 0}
    - target: {fileID: 1079579496783261855, guid: 4e1d466e5b65c5d408aaabad1839c1f9, type: 3}
      propertyPath: m_LocalEulerAnglesHint.x
      value: 0
      objectReference: {fileID: 0}
    - target: {fileID: 1079579496783261855, guid: 4e1d466e5b65c5d408aaabad1839c1f9, type: 3}
      propertyPath: m_LocalEulerAnglesHint.y
      value: 90
      objectReference: {fileID: 0}
    - target: {fileID: 1079579496783261855, guid: 4e1d466e5b65c5d408aaabad1839c1f9, type: 3}
      propertyPath: m_LocalEulerAnglesHint.z
      value: 0
      objectReference: {fileID: 0}
    - target: {fileID: 5141282715911520946, guid: 4e1d466e5b65c5d408aaabad1839c1f9, type: 3}
      propertyPath: m_Name
      value: Simulation_Wall_Medium (2)
      objectReference: {fileID: 0}
    m_RemovedComponents: []
  m_SourcePrefab: {fileID: 100100000, guid: 4e1d466e5b65c5d408aaabad1839c1f9, type: 3}
--- !u!4 &1427318639 stripped
Transform:
  m_CorrespondingSourceObject: {fileID: 7990731035202989139, guid: f28ec0dbaf2c6a64f9a7c9c619b16b4b, type: 3}
  m_PrefabInstance: {fileID: 480206851}
  m_PrefabAsset: {fileID: 0}
--- !u!1001 &1490213666
PrefabInstance:
  m_ObjectHideFlags: 0
  serializedVersion: 2
  m_Modification:
    m_TransformParent: {fileID: 0}
    m_Modifications:
    - target: {fileID: 118242129416468555, guid: 93bb332f11673c447b19938042af241e, type: 3}
      propertyPath: m_Name
      value: Flat_Ladder_Small
      objectReference: {fileID: 0}
    - target: {fileID: 5190110644360579686, guid: 93bb332f11673c447b19938042af241e, type: 3}
      propertyPath: m_RootOrder
      value: 5
      objectReference: {fileID: 0}
    - target: {fileID: 5190110644360579686, guid: 93bb332f11673c447b19938042af241e, type: 3}
      propertyPath: m_LocalPosition.x
      value: 0
      objectReference: {fileID: 0}
    - target: {fileID: 5190110644360579686, guid: 93bb332f11673c447b19938042af241e, type: 3}
      propertyPath: m_LocalPosition.y
      value: 0
      objectReference: {fileID: 0}
    - target: {fileID: 5190110644360579686, guid: 93bb332f11673c447b19938042af241e, type: 3}
      propertyPath: m_LocalPosition.z
      value: 6.5
      objectReference: {fileID: 0}
    - target: {fileID: 5190110644360579686, guid: 93bb332f11673c447b19938042af241e, type: 3}
      propertyPath: m_LocalRotation.w
      value: 1
      objectReference: {fileID: 0}
    - target: {fileID: 5190110644360579686, guid: 93bb332f11673c447b19938042af241e, type: 3}
      propertyPath: m_LocalRotation.x
      value: 0
      objectReference: {fileID: 0}
    - target: {fileID: 5190110644360579686, guid: 93bb332f11673c447b19938042af241e, type: 3}
      propertyPath: m_LocalRotation.y
      value: 0
      objectReference: {fileID: 0}
    - target: {fileID: 5190110644360579686, guid: 93bb332f11673c447b19938042af241e, type: 3}
      propertyPath: m_LocalRotation.z
      value: 0
      objectReference: {fileID: 0}
    - target: {fileID: 5190110644360579686, guid: 93bb332f11673c447b19938042af241e, type: 3}
      propertyPath: m_LocalEulerAnglesHint.x
      value: 0
      objectReference: {fileID: 0}
    - target: {fileID: 5190110644360579686, guid: 93bb332f11673c447b19938042af241e, type: 3}
      propertyPath: m_LocalEulerAnglesHint.y
      value: 0
      objectReference: {fileID: 0}
    - target: {fileID: 5190110644360579686, guid: 93bb332f11673c447b19938042af241e, type: 3}
      propertyPath: m_LocalEulerAnglesHint.z
      value: 0
      objectReference: {fileID: 0}
    m_RemovedComponents: []
  m_SourcePrefab: {fileID: 100100000, guid: 93bb332f11673c447b19938042af241e, type: 3}
--- !u!4 &1739096481 stripped
Transform:
  m_CorrespondingSourceObject: {fileID: 5941177803732088034, guid: 292b093a1572d0c41ad268f61e6699e8, type: 3}
  m_PrefabInstance: {fileID: 1063426119}
  m_PrefabAsset: {fileID: 0}
--- !u!1001 &1833647764
PrefabInstance:
  m_ObjectHideFlags: 0
  serializedVersion: 2
  m_Modification:
    m_TransformParent: {fileID: 608912466}
    m_Modifications:
    - target: {fileID: 1079579496783261855, guid: 4e1d466e5b65c5d408aaabad1839c1f9, type: 3}
      propertyPath: m_RootOrder
      value: 5
      objectReference: {fileID: 0}
    - target: {fileID: 1079579496783261855, guid: 4e1d466e5b65c5d408aaabad1839c1f9, type: 3}
      propertyPath: m_LocalPosition.x
      value: -14.012049
      objectReference: {fileID: 0}
    - target: {fileID: 1079579496783261855, guid: 4e1d466e5b65c5d408aaabad1839c1f9, type: 3}
      propertyPath: m_LocalPosition.y
      value: 1.5000005
      objectReference: {fileID: 0}
    - target: {fileID: 1079579496783261855, guid: 4e1d466e5b65c5d408aaabad1839c1f9, type: 3}
      propertyPath: m_LocalPosition.z
      value: 22.16608
      objectReference: {fileID: 0}
    - target: {fileID: 1079579496783261855, guid: 4e1d466e5b65c5d408aaabad1839c1f9, type: 3}
      propertyPath: m_LocalRotation.w
      value: 0.7071068
      objectReference: {fileID: 0}
    - target: {fileID: 1079579496783261855, guid: 4e1d466e5b65c5d408aaabad1839c1f9, type: 3}
      propertyPath: m_LocalRotation.x
      value: -0
      objectReference: {fileID: 0}
    - target: {fileID: 1079579496783261855, guid: 4e1d466e5b65c5d408aaabad1839c1f9, type: 3}
      propertyPath: m_LocalRotation.y
      value: 0.7071068
      objectReference: {fileID: 0}
    - target: {fileID: 1079579496783261855, guid: 4e1d466e5b65c5d408aaabad1839c1f9, type: 3}
      propertyPath: m_LocalRotation.z
      value: -0
      objectReference: {fileID: 0}
    - target: {fileID: 1079579496783261855, guid: 4e1d466e5b65c5d408aaabad1839c1f9, type: 3}
      propertyPath: m_LocalEulerAnglesHint.x
      value: 0
      objectReference: {fileID: 0}
    - target: {fileID: 1079579496783261855, guid: 4e1d466e5b65c5d408aaabad1839c1f9, type: 3}
      propertyPath: m_LocalEulerAnglesHint.y
      value: 90
      objectReference: {fileID: 0}
    - target: {fileID: 1079579496783261855, guid: 4e1d466e5b65c5d408aaabad1839c1f9, type: 3}
      propertyPath: m_LocalEulerAnglesHint.z
      value: 0
      objectReference: {fileID: 0}
    - target: {fileID: 5141282715911520946, guid: 4e1d466e5b65c5d408aaabad1839c1f9, type: 3}
      propertyPath: m_Name
      value: Simulation_Wall_Medium
      objectReference: {fileID: 0}
    m_RemovedComponents: []
  m_SourcePrefab: {fileID: 100100000, guid: 4e1d466e5b65c5d408aaabad1839c1f9, type: 3}
--- !u!4 &1993631851 stripped
Transform:
  m_CorrespondingSourceObject: {fileID: 1079579496783261855, guid: 4e1d466e5b65c5d408aaabad1839c1f9, type: 3}
  m_PrefabInstance: {fileID: 1275425122}
  m_PrefabAsset: {fileID: 0}
--- !u!4 &2017855377 stripped
Transform:
  m_CorrespondingSourceObject: {fileID: 1079579496783261855, guid: 4e1d466e5b65c5d408aaabad1839c1f9, type: 3}
  m_PrefabInstance: {fileID: 164339171}
  m_PrefabAsset: {fileID: 0}
--- !u!1001 &2034490197
PrefabInstance:
  m_ObjectHideFlags: 0
  serializedVersion: 2
  m_Modification:
    m_TransformParent: {fileID: 0}
    m_Modifications:
    - target: {fileID: 1888780487294160536, guid: 557d454157044ed4397497799c4accf8, type: 3}
      propertyPath: m_RootOrder
      value: 1
      objectReference: {fileID: 0}
    - target: {fileID: 1888780487294160536, guid: 557d454157044ed4397497799c4accf8, type: 3}
      propertyPath: m_LocalPosition.x
      value: -6.611636
      objectReference: {fileID: 0}
    - target: {fileID: 1888780487294160536, guid: 557d454157044ed4397497799c4accf8, type: 3}
      propertyPath: m_LocalPosition.y
      value: 1.1250005
      objectReference: {fileID: 0}
    - target: {fileID: 1888780487294160536, guid: 557d454157044ed4397497799c4accf8, type: 3}
      propertyPath: m_LocalPosition.z
      value: 12.608282
      objectReference: {fileID: 0}
    - target: {fileID: 1888780487294160536, guid: 557d454157044ed4397497799c4accf8, type: 3}
      propertyPath: m_LocalRotation.w
      value: 1
      objectReference: {fileID: 0}
    - target: {fileID: 1888780487294160536, guid: 557d454157044ed4397497799c4accf8, type: 3}
      propertyPath: m_LocalRotation.x
      value: 0
      objectReference: {fileID: 0}
    - target: {fileID: 1888780487294160536, guid: 557d454157044ed4397497799c4accf8, type: 3}
      propertyPath: m_LocalRotation.y
      value: 0
      objectReference: {fileID: 0}
    - target: {fileID: 1888780487294160536, guid: 557d454157044ed4397497799c4accf8, type: 3}
      propertyPath: m_LocalRotation.z
      value: 0
      objectReference: {fileID: 0}
    - target: {fileID: 1888780487294160536, guid: 557d454157044ed4397497799c4accf8, type: 3}
      propertyPath: m_LocalEulerAnglesHint.x
      value: 0
      objectReference: {fileID: 0}
    - target: {fileID: 1888780487294160536, guid: 557d454157044ed4397497799c4accf8, type: 3}
      propertyPath: m_LocalEulerAnglesHint.y
      value: 0
      objectReference: {fileID: 0}
    - target: {fileID: 1888780487294160536, guid: 557d454157044ed4397497799c4accf8, type: 3}
      propertyPath: m_LocalEulerAnglesHint.z
      value: 0
      objectReference: {fileID: 0}
    - target: {fileID: 6022620495656467637, guid: 557d454157044ed4397497799c4accf8, type: 3}
      propertyPath: m_Name
      value: Platform (1)
      objectReference: {fileID: 0}
    m_RemovedComponents: []
  m_SourcePrefab: {fileID: 100100000, guid: 557d454157044ed4397497799c4accf8, type: 3}
--- !u!1001 &2046035627
PrefabInstance:
  m_ObjectHideFlags: 0
  serializedVersion: 2
  m_Modification:
    m_TransformParent: {fileID: 608912466}
    m_Modifications:
    - target: {fileID: 2769989755472591902, guid: c1ae224cf7f36794dba5baab054bb541, type: 3}
      propertyPath: m_Name
      value: OptimizedTree (2)
      objectReference: {fileID: 0}
    - target: {fileID: 2769989755472591902, guid: c1ae224cf7f36794dba5baab054bb541, type: 3}
      propertyPath: m_Layer
      value: 6
      objectReference: {fileID: 0}
    - target: {fileID: 3678317493124917868, guid: c1ae224cf7f36794dba5baab054bb541, type: 3}
      propertyPath: m_Enabled
      value: 1
      objectReference: {fileID: 0}
    - target: {fileID: 7450322887304989732, guid: c1ae224cf7f36794dba5baab054bb541, type: 3}
      propertyPath: m_RootOrder
      value: 9
      objectReference: {fileID: 0}
    - target: {fileID: 7450322887304989732, guid: c1ae224cf7f36794dba5baab054bb541, type: 3}
      propertyPath: m_LocalPosition.x
      value: 8.1403885
      objectReference: {fileID: 0}
    - target: {fileID: 7450322887304989732, guid: c1ae224cf7f36794dba5baab054bb541, type: 3}
      propertyPath: m_LocalPosition.y
      value: 0
      objectReference: {fileID: 0}
    - target: {fileID: 7450322887304989732, guid: c1ae224cf7f36794dba5baab054bb541, type: 3}
      propertyPath: m_LocalPosition.z
      value: 18.9619
      objectReference: {fileID: 0}
    - target: {fileID: 7450322887304989732, guid: c1ae224cf7f36794dba5baab054bb541, type: 3}
      propertyPath: m_LocalRotation.w
      value: -0.48102424
      objectReference: {fileID: 0}
    - target: {fileID: 7450322887304989732, guid: c1ae224cf7f36794dba5baab054bb541, type: 3}
      propertyPath: m_LocalRotation.x
      value: -0
      objectReference: {fileID: 0}
    - target: {fileID: 7450322887304989732, guid: c1ae224cf7f36794dba5baab054bb541, type: 3}
      propertyPath: m_LocalRotation.y
      value: -0.8767073
      objectReference: {fileID: 0}
    - target: {fileID: 7450322887304989732, guid: c1ae224cf7f36794dba5baab054bb541, type: 3}
      propertyPath: m_LocalRotation.z
      value: -0
      objectReference: {fileID: 0}
    - target: {fileID: 7450322887304989732, guid: c1ae224cf7f36794dba5baab054bb541, type: 3}
      propertyPath: m_LocalEulerAnglesHint.x
      value: 0
      objectReference: {fileID: 0}
    - target: {fileID: 7450322887304989732, guid: c1ae224cf7f36794dba5baab054bb541, type: 3}
      propertyPath: m_LocalEulerAnglesHint.y
      value: -237.505
      objectReference: {fileID: 0}
    - target: {fileID: 7450322887304989732, guid: c1ae224cf7f36794dba5baab054bb541, type: 3}
      propertyPath: m_LocalEulerAnglesHint.z
      value: 0
      objectReference: {fileID: 0}
    m_RemovedComponents: []
  m_SourcePrefab: {fileID: 100100000, guid: c1ae224cf7f36794dba5baab054bb541, type: 3}
--- !u!1 &2046035628 stripped
GameObject:
  m_CorrespondingSourceObject: {fileID: 2769989755472591902, guid: c1ae224cf7f36794dba5baab054bb541, type: 3}
  m_PrefabInstance: {fileID: 2046035627}
  m_PrefabAsset: {fileID: 0}
--- !u!64 &2046035629
MeshCollider:
  m_ObjectHideFlags: 0
  m_CorrespondingSourceObject: {fileID: 0}
  m_PrefabInstance: {fileID: 0}
  m_PrefabAsset: {fileID: 0}
  m_GameObject: {fileID: 2046035628}
  m_Material: {fileID: 0}
  m_IsTrigger: 0
  m_Enabled: 1
  serializedVersion: 4
  m_Convex: 0
  m_CookingOptions: 30
  m_Mesh: {fileID: -792902473469599757, guid: c1ae224cf7f36794dba5baab054bb541, type: 3}
--- !u!4 &2046035630 stripped
Transform:
  m_CorrespondingSourceObject: {fileID: 7450322887304989732, guid: c1ae224cf7f36794dba5baab054bb541, type: 3}
  m_PrefabInstance: {fileID: 2046035627}
  m_PrefabAsset: {fileID: 0}
--- !u!1001 &2058514902
PrefabInstance:
  m_ObjectHideFlags: 0
  serializedVersion: 2
  m_Modification:
    m_TransformParent: {fileID: 608912466}
    m_Modifications:
    - target: {fileID: 1079579496783261855, guid: 4e1d466e5b65c5d408aaabad1839c1f9, type: 3}
      propertyPath: m_RootOrder
      value: 3
      objectReference: {fileID: 0}
    - target: {fileID: 1079579496783261855, guid: 4e1d466e5b65c5d408aaabad1839c1f9, type: 3}
      propertyPath: m_LocalPosition.x
      value: -9.339212
      objectReference: {fileID: 0}
    - target: {fileID: 1079579496783261855, guid: 4e1d466e5b65c5d408aaabad1839c1f9, type: 3}
      propertyPath: m_LocalPosition.y
      value: 1.5
      objectReference: {fileID: 0}
    - target: {fileID: 1079579496783261855, guid: 4e1d466e5b65c5d408aaabad1839c1f9, type: 3}
      propertyPath: m_LocalPosition.z
      value: -7.281375
      objectReference: {fileID: 0}
    - target: {fileID: 1079579496783261855, guid: 4e1d466e5b65c5d408aaabad1839c1f9, type: 3}
      propertyPath: m_LocalRotation.w
      value: 1
      objectReference: {fileID: 0}
    - target: {fileID: 1079579496783261855, guid: 4e1d466e5b65c5d408aaabad1839c1f9, type: 3}
      propertyPath: m_LocalRotation.x
      value: -0
      objectReference: {fileID: 0}
    - target: {fileID: 1079579496783261855, guid: 4e1d466e5b65c5d408aaabad1839c1f9, type: 3}
      propertyPath: m_LocalRotation.y
      value: -0
      objectReference: {fileID: 0}
    - target: {fileID: 1079579496783261855, guid: 4e1d466e5b65c5d408aaabad1839c1f9, type: 3}
      propertyPath: m_LocalRotation.z
      value: -0
      objectReference: {fileID: 0}
    - target: {fileID: 1079579496783261855, guid: 4e1d466e5b65c5d408aaabad1839c1f9, type: 3}
      propertyPath: m_LocalEulerAnglesHint.x
      value: 0
      objectReference: {fileID: 0}
    - target: {fileID: 1079579496783261855, guid: 4e1d466e5b65c5d408aaabad1839c1f9, type: 3}
      propertyPath: m_LocalEulerAnglesHint.y
      value: 0
      objectReference: {fileID: 0}
    - target: {fileID: 1079579496783261855, guid: 4e1d466e5b65c5d408aaabad1839c1f9, type: 3}
      propertyPath: m_LocalEulerAnglesHint.z
      value: 0
      objectReference: {fileID: 0}
    - target: {fileID: 5141282715911520946, guid: 4e1d466e5b65c5d408aaabad1839c1f9, type: 3}
      propertyPath: m_Name
      value: Simulation_Wall_Medium
      objectReference: {fileID: 0}
    m_RemovedComponents: []
  m_SourcePrefab: {fileID: 100100000, guid: 4e1d466e5b65c5d408aaabad1839c1f9, type: 3}
--- !u!1001 &7223688364819598586
PrefabInstance:
  m_ObjectHideFlags: 0
  serializedVersion: 2
  m_Modification:
    m_TransformParent: {fileID: 608912466}
    m_Modifications:
    - target: {fileID: 2769989755472591902, guid: c1ae224cf7f36794dba5baab054bb541, type: 3}
      propertyPath: m_Name
      value: OptimizedTree
      objectReference: {fileID: 0}
    - target: {fileID: 2769989755472591902, guid: c1ae224cf7f36794dba5baab054bb541, type: 3}
      propertyPath: m_Layer
      value: 6
      objectReference: {fileID: 0}
    - target: {fileID: 3678317493124917868, guid: c1ae224cf7f36794dba5baab054bb541, type: 3}
      propertyPath: m_Enabled
      value: 1
      objectReference: {fileID: 0}
    - target: {fileID: 7450322887304989732, guid: c1ae224cf7f36794dba5baab054bb541, type: 3}
      propertyPath: m_RootOrder
      value: 7
      objectReference: {fileID: 0}
    - target: {fileID: 7450322887304989732, guid: c1ae224cf7f36794dba5baab054bb541, type: 3}
      propertyPath: m_LocalPosition.x
      value: -2.5
      objectReference: {fileID: 0}
    - target: {fileID: 7450322887304989732, guid: c1ae224cf7f36794dba5baab054bb541, type: 3}
      propertyPath: m_LocalPosition.y
      value: 0
      objectReference: {fileID: 0}
    - target: {fileID: 7450322887304989732, guid: c1ae224cf7f36794dba5baab054bb541, type: 3}
      propertyPath: m_LocalPosition.z
      value: 0
      objectReference: {fileID: 0}
    - target: {fileID: 7450322887304989732, guid: c1ae224cf7f36794dba5baab054bb541, type: 3}
      propertyPath: m_LocalRotation.w
      value: 1
      objectReference: {fileID: 0}
    - target: {fileID: 7450322887304989732, guid: c1ae224cf7f36794dba5baab054bb541, type: 3}
      propertyPath: m_LocalRotation.x
      value: -0
      objectReference: {fileID: 0}
    - target: {fileID: 7450322887304989732, guid: c1ae224cf7f36794dba5baab054bb541, type: 3}
      propertyPath: m_LocalRotation.y
      value: -0
      objectReference: {fileID: 0}
    - target: {fileID: 7450322887304989732, guid: c1ae224cf7f36794dba5baab054bb541, type: 3}
      propertyPath: m_LocalRotation.z
      value: -0
      objectReference: {fileID: 0}
    - target: {fileID: 7450322887304989732, guid: c1ae224cf7f36794dba5baab054bb541, type: 3}
      propertyPath: m_LocalEulerAnglesHint.x
      value: 0
      objectReference: {fileID: 0}
    - target: {fileID: 7450322887304989732, guid: c1ae224cf7f36794dba5baab054bb541, type: 3}
      propertyPath: m_LocalEulerAnglesHint.y
      value: 0
      objectReference: {fileID: 0}
    - target: {fileID: 7450322887304989732, guid: c1ae224cf7f36794dba5baab054bb541, type: 3}
      propertyPath: m_LocalEulerAnglesHint.z
      value: 0
      objectReference: {fileID: 0}
    m_RemovedComponents: []
  m_SourcePrefab: {fileID: 100100000, guid: c1ae224cf7f36794dba5baab054bb541, type: 3}
